@article{Akram2021,
    author      = "Muhammad Akram and Gulfam Shahzadi ",
    journal     = "SpringerLink", 
    title       = "A hybrid decision-making model under q-rung orthopair fuzzy Yager aggregation operators", 
    year        = "2021",
}

@inproceedings{Lucena2019,
    author      = "Jose Ordonez-Lucena and Jesús Folgueira Chavarria and Luis M. Contreras and Antonio Pastor",
    booktitle   = "Proc. CSCN 2019", 
    title       = "The use of {5G} Non-Public Networks to support Industry 4.0 scenarios", 
    year        = "2019",
    month       = Oct,
    pages       = "1-7"
}
 @ARTICLE{Car21,
  author        = "Carlos Guimarães and Xi Li and Chrysa Papagianni and Josep Mangues-Bafalluy and Luis M. Contreras and Andres Garcia-Saavedra and Juan Brenes and Diego San Cristobal and Jesus Alonso and Aitor Zabala and Jani-Pekka Kainulainen and Alain Mourad and Manuel Lorenzo and Carlos J. Bernardos",
  journal       = "IEEE Communications Magazine", 
  title         = "Public and Non-Public Network Integration for {5G}rowth Industry 4.0 Use Cases", 
  year          = "2021",
  month         = july,
  volume        = "59",
  number        ="7",
  pages         ="108-114"}
  
@Inbook{Michelsen2020,
  author="Karl-Erik Michelsen ",
  editor="Mikael Collan and Karl-Erik Michelsen",
  title="Industry 4.0 in Retrospect and in Context",
  bookTitle="Technical, Economic and Societal Effects of Manufacturing 4.0: Automation, Adaption and Manufacturing in Finland and Beyond",
  year="2020",
  publisher="Springer International Publishing",
  pages="1--14",
  month = "Jul"
}

@ARTICLE{Xi21,
  author        = "Xi Li and Carlos Guimarães and Giada Landi and Juan Brenes and Josep Mangues-Bafalluy and Jorge Baranda and Daniel Corujo and Vitor Cunha and João Fonseca and João Alegria and Aitor Zabala Orive and Jose Ordonez-Lucena and Paola Iovanna and Carlos J. Bernardos and Alain Mourad and Xavier Costa-Pérez",
  journal       = "IEEE Access", 
  title         = "Multi-Domain Solutions for the Deployment of Private {5G} Networks", 
  year          = "2021",
  month=        July,
  volume        = "9",
  pages         = "106865-106884"}
  
@ARTICLE{Albert19,
  author        = "Albert Banchs and David M. Gutierrez-Estevez and Manuel Fuentes and Mauro Boldi and Silvia Provvedi",
  journal       = "IEEE Communications Magazine", 
  title         = "A {5G} Mobile Network Architecture to Support Vertical Industries", 
  year          = "2019",
  month         = Dec,
  volume        = "57",
  number        = "12",
  pages         = "38-44"}
@ARTICLE{chi20,
  author        = "Chi-Yu Li and Ying-Dar Lin and Yuan-Cheng Lai and Hsu-Tung Chien and Yu-Sheng Huang and Po-Hao Huang and Hsueh-Yang Liu",
  journal       = "IEEE Transactions on Vehicular Technology", 
  title         = "Transparent {AAA} Security Design for Low-Latency {MEC}-Integrated Cellular Networks", 
  year          = "2020",
  month         = jan,
  volume        = "69",
  number        = "3",
  pages         = "3231-3243"
}


@INPROCEEDINGS{Niko19,
  author        = "Nikos Makris and Virgilios Passas and Christos Nanis and Thanasis Korakis",
  booktitle     = "2019 IEEE International Symposium on Local and Metropolitan Area Networks", 
  title         = "On Minimizing Service Access Latency: Employing {MEC} on the Fronthaul of Heterogeneous 5G Architectures", 
  year          = "2019",
  month         = july,
  pages         = "1-6"
}

@ARTICLE{Ale20,
  author        = "Alex Mavromatis and Carlos Colman-Meixner and Aloizio P. Silva and Xenofon Vasilakos and Reza Nejabati and Dimitra Simeonidou",
  journal       = "IEEE Internet of Things Journal", 
  title         = "A Software-Defined {IoT} Device Management Framework for Edge and Cloud Computing", 
  year          = "2020",
  month         = oct,
  volume        = "7",
  number        = "3",
  pages         = "1718-1735"
}

@ARTICLE{Syed20,
  author        = "Syed Danial Ali Shah and Mark A. Gregory and Shuo Li and Ramon Dos Reis Fontes",
  journal       = "IEEE Access", 
  title         = "SDN Enhanced Multi-Access Edge Computing {(MEC)} for {E2E} Mobility and {QoS} Management", 
  year          = "2020",
  month         = apr,
  volume        = "8",
  pages         = "77459-77469"
}

@INPROCEEDINGS{Lucena2019,
  author        = "Jose Ordonez-Lucena and Jesús Folgueira Chavarria and Luis M. Contreras and Antonio Pastor",
  booktitle     = "IEEE Proc. CSCN 2019", 
  title         = "The use of {5G} {Non-Public Networks} to support Industry 4.0 scenarios", 
  year          = "2019",
  month         = "Oct",
  pages         = "1-7"
}
@inproceedings {Li18,
    author      = "Chi-Yu Li and Hsueh-Yang Liu and Po-Hao Huang and Hsu-Tung Chien and Guan-Hua Tu and Pei-Yuan Hong and Ying-Dar Lin",
    title       = "Mobile Edge Computing Platform Deployment in {4G LTE} Networks: A Middlebox Approach",
    booktitle   = "Proc. USENIX Workshop 2018",
    year        = "2018",
    month       = "June"
}

@article{Wollschlaeger2017,
    author      = "Martin Wollschlaeger and Thilo Sauter and Juergen Jasperneite",
    journal     = "IEEE Industrial Electronics Magazine", 
    title       = "The Future of Industrial Communication: Automation Networks in the Era of the Internet of Things and Industry 4.0", 
    year        = "2017",
    volume      = "11",
    number      = "1",
    pages       = "17-27"
}

@article{Arya2021,
    author      = "Vikas Arya and Satish Kumar ",
    journal     = "SpringerLink", 
    title       = "Multi-criteria decision making problem for evaluating ERP system using entropy weighting approach and q-rung orthopair fuzzy TODIM", 
    year        = "2021",
}

@article{An2007,
    author      ="Z.S.Xu",
    journal     ="cir.nii.ac.jp",
    title       ="Methods for aggregating interval-valued intuitionistic fuzzy information and their application to decision making",
    year        ="2007",
}

@article{Bai2013,
    author      ="Zhi-yong Bai",
    journal     ="hindawi",
    title       ="An Interval-Valued Intuitionistic Fuzzy TOPSIS Method Based on an Improved Score Function",
    year        ="2013",
}

@article{chen1997,
    author      ="Shyi.Ming.Chen",
    journal     ="Scopus",
    title       ="Interval-valued fuzzy hypergraph and fuzzy partition",
    year        ="1997",
}

@article{chen2015,
    author      ="Shyi.Ming.Chen",
    journal     ="Scopus",
    title       ="Multiattribute Decision Making Based on Interval-Valued Intuitionistic Fuzzy Sets, PSO Techniques, and Evidential Reasoning Methodology",
    year        ="2015",
    page        ="1905-1916",
}

@article{chen2017,
    author      ="Shyi.Ming.Chen",
    journal     ="ScienceDirect",
    title="A new multiattribute decision making method based on multiplication operations of interval-valued intuitionistic fuzzy values and linear programming methodology",
    year        ="2017",
}

@article{chen2021,
    author      ="Shyi.Ming.Chen",
    journal     ="ScienceDirect",
    title       ="Multiattribute decision making using novel score function of interval-valued intuitionistic fuzzy values and the means and the variances of score matrices",
    year        ="2021",
}

@article{chen2010,
    author      ="Shyi.Ming.Chen",
    journal     ="ScienceDirect",
    title       ="{TOPSIS}-based nonlinear-programming methodology for multiattribute decision making with interval-valued intuitionistic fuzzy sets",
    year        = "2010",
}

@article{Zhao2011,
    author      ="Zhitao.Zhao",
    journal     ="IEEE Conferences",
    title       ="Multiple attribute decision making method in the frame of interval-valued intuitionistic fuzzy sets",
    year        ="2011",
}

@article{chen2017_2,
    author      ="Shyi.Ming.Chen",
    journal     ="ScienceDirect",
    title       ="Multiattribute decision making based on interval-valued intuitionistic fuzzy values and linear programming methodology",
    year        ="2017",
}

@article{chen2018,
    author      ="Shyi.Ming.Chen",
    journal     ="ScienceDirect",
    title       ="An improved {MADM} method using interval-valued intuitionistic fuzzy values",
    year        ="2018",
}

@article{chen2022,
    author      ="Shao.Hung.Yu",
    journal     ="ELSEVIER",
    title       ="Multiattribute decision making based on novel score function and the power operator of interval-valued intuitionistic fuzzy values",
    year        ="2022",
}

@article{Sarfaraz2020,
    author      ="Sarfaraz.Zolfani, Morteza.Yazdani, Dragan.Pamucar, Pascale.Zaraté"
    journal     ="arXiv",
    title       ="A {VIKOR} and {TOPSIS} focused reanalysis of the {MADM} methods based on logarithmic normalization",
    year        ="2020",
}

@article{Chandrika2022,
    author      ="S. Chandrika, T. R. Hemantha Kumar & Vishwas Mahesh",
    journal     ="SpringerLink",
    title       ="Physio-mechanical characterization of kenaf/saw dust reinforced polymer matrix composite and selection of optimal configuration using {MADM}-{VIKOR} approach",
    year        ="2022",
}

@article{Thasni2020,
    author      ="Thasni.T; C.Kalaiarasan; K.A.Venkatesh",
    journal     ="IEEE",
    title       ="Cloud Service Provider Selection Using Fuzzy {TOPSIS}",
    year        ="2020",
}

@article{Mareschal2012,
    author      ="B.Mareschal&D.Mertens",
    journal     ="Journal of Decision Systems",
    title       ="BANKS a Multicriteria, PROMETHEE-based, Decision Support System for the Evaluation of the International Banking Sector",
    year        ="2012",
    pages       = "175-189",
}

@article{Majid2010,
    author      ="Majid.Behzadian, R.B. Kazemzadeh,A.Albadvi,M.Aghdasi",
    journal     ="ELSEVIER",
    title       ="{PROMETHEE}: A comprehensive literature review on methodologies and applications",
    year        ="2010",
    pages       ="198-215",
}

@article{Peng2016,
    author      ="Peng .Wang,Zhouquan.Zhu,Yonghu.Wang",
    journal     ="ELSEVIER",
    title       ="A novel hybrid {MCDM} model combining the {SAW}, {TOPSIS} and {GRA} methods based on experimental design",
    year        ="2016",
    pages       ="27-45",
}

@article{Moataz2016,
    author      ="Moataz.Nabil.Omar, Aminah.Robinson.Fayek",
    journal     ="Wiley Online Library",
    title       ="A {TOPSIS}-Based Approach for Prioritized Aggregation in Multi-Criteria Decision-Making Problems",
    year        ="2016",
}

@article{Ghosh2015,
    author      ="Nirnay.Ghosh; Soumya.K.Ghosh,SajalK.Das",
    journal     ="IEEE",
    title       ="{SelCSP}: A Framework to Facilitate Selection of Cloud Service Providers",
    year        ="2015",
    pages       ="66-79",

}

@article{Rakesh2016,
    author      ="Rakesh.Ranjan.Kumar,Chiranjeev .Kumar",
    journal     ="IEEE",
    title       ="An evaluation system for cloud service selection using fuzzy {AHP}",
    year        ="2016",
    pages       ="821-826",
}

@article{Ahmed2016,
    author      ="Ahmed.E.Youssef",
    journal     ="IEEE",
    title       ="An Integrated MCDM Approach for Cloud Service Selection Based on {TOPSIS} and {BWM}",
    year        ="2020",
    pages       ="71851-71856",

}